<?xml version="1.0" encoding="UTF-8"?><collection xmlns="http://www.loc.gov/MARC21/slim"><record><leader>00443nam--2200169-i-4500</leader><controlfield tag="001">000036550</controlfield><controlfield tag="002">20161230</controlfield><controlfield tag="005">20161230201041</controlfield><controlfield tag="008">060222s1000------------r-----000-0-rum-d</controlfield><datafield ind1=" " ind2=" " tag="040"><subfield code="a">IFIN-HH</subfield></datafield><datafield ind1=" " ind2=" " tag="041"><subfield code="a">rum</subfield></datafield><datafield ind1="1" ind2=" " tag="100"><subfield code="a">Placinteanu, Ioan I</subfield></datafield><datafield ind1="1" ind2="0" tag="245"><subfield code="a">Mecanica</subfield><subfield code="b">Rationala si analitica</subfield><subfield code="c">Ioan I. Placinteanu</subfield></datafield><datafield ind1=" " ind2=" " tag="260"><subfield code="a">Iasi, Ed.Librariei Ath.D.Gheorghiu, 1942</subfield></datafield><datafield ind1=" " ind2=" " tag="300"><subfield code="a">610P</subfield></datafield><datafield ind1=" " ind2=" " tag="852"><subfield code="a">8355</subfield><subfield code="c">/ 531</subfield></datafield><datafield ind1=" " ind2=" " tag="CAT"><subfield code="a">Sys</subfield><subfield code="c">20100621</subfield><subfield code="h">152038</subfield></datafield></record></collection>